
@article{neuroevolution,
title={Neuroevolution of self-interpretable agents},
author={Yujin Tang, Duong Nguyen, David Ha},
year={2020}
}
@article{procgen,
title={Leveraging Procedural Generation to Benchmark Reinforcement Learning},
author={Karl Cobbe, Christopher Hesse, Jacob Hilton, John Schulman},
year={2020}
}
@article{cmaes,
title={The CMA Evolution Strategy: A Tutorial},
author={Nikolaus Hansen},
year={2016}
}
@article{attention,
title={Attention is all you need},
author={Ashish Vaswani, Noam Shazeer, Niki Parmar, Jakob Uszkoreit, Llion Jones, Aidan N. Gomez, Lukasz Kaiser, Illia Polosukhin},
year={2017}
}